@inproceedings{1,
  author = {wiki},
  title = {信息技术\url{http://zh.wikipedia.org/wiki/%E4%BF%A1%E6%81%AF%E6%8A%80%E6%9C%AF}}
}

@inproceedings{2,
  author = {百度百科},
  title = {知识型员工\url{http://baike.baidu.com/link?url=TJo7_hQ6ltO8W9l2vTB2YFbEJRzTdfnYicwUzApt_la2xpOExPj8-99mc-3nm41JREPKxbk80-xNK6FchTE4o_}}
}

@article{3,
  title={国企业知识型员工激励机制实证分析},
  author={张望军 and 彭剑锋},
  year={2001}
}

@article{4,
  title={动力与绩效——知识丁作者的资源开发},
  author={赵慧军},
  year={2004}
}

@article{5,
  title={Mcchanisms of change},
  author={Burns T Micropolitics},
  year={1961}
}

@article{6,
  title={Perceptoins of Organizational Politics},
  author={Ferris and Kacmar},
  year={1992}
}

@article{7,
  title={IT行业知识型员工人格特质与组织政治知觉的关系研究},
  author={李聪},
  year={2009}
}


@article{8,
  title={IT企业员工组织公平、组织政治知觉对压力的影响研究},
  author={骆旭江},
  year={2008}
}


@article{9,
  title={组织政治知觉对员工行为的影响分析},
  author={郑建波},
  year={2011}
}




