@article{blankertz2004bci,
  title={The BCI competition 2003: progress and perspectives in detection and discrimination of EEG single trials},
  author={Blankertz, Benjamin and Muller, K-R and Curio, Gabriel and Vaughan, Theresa M and Schalk, Gerwin and Wolpaw, Jonathan R and Schlogl, Alois and Neuper, Christa and Pfurtscheller, Gert and Hinterberger, Thilo and others},
  journal={Biomedical Engineering, IEEE Transactions on},
  volume={51},
  number={6},
  pages={1044--1051},
  year={2004},
  publisher={IEEE}
}

@article{guger2003many,
  title={How many people are able to operate an EEG-based brain-computer interface (BCI)?},
  author={Guger, C and Edlinger, G and Harkam, W and Niedermayer, I and Pfurtscheller, G},
  journal={Neural Systems and Rehabilitation Engineering, IEEE Transactions on},
  volume={11},
  number={2},
  pages={145--147},
  year={2003},
  publisher={IEEE}
}


@article{guger2001rapid,
  title={Rapid prototyping of an EEG-based brain-computer interface (BCI)},
  author={Guger, Christoph and Schlogl, Alois and Neuper, Christa and Walterspacher, Dirk and Strein, Thomas and Pfurtscheller, Gert},
  journal={Neural Systems and Rehabilitation Engineering, IEEE Transactions on},
  volume={9},
  number={1},
  pages={49--58},
  year={2001},
  publisher={IEEE}
}

@article{curran2003learning,
  title={Learning to control brain activity: a review of the production and control of EEG components for driving brain--computer interface (BCI) systems},
  author={Curran, Eleanor A and Stokes, Maria J},
  journal={Brain and cognition},
  volume={51},
  number={3},
  pages={326--336},
  year={2003},
  publisher={Elsevier}
}

@article{guger2000real,
  title={Real-time EEG analysis with subject-specific spatial patterns for a brain-computer interface (BCI)},
  author={Guger, Christoph and Ramoser, Herbert and Pfurtscheller, Gert},
  journal={Rehabilitation Engineering, IEEE Transactions on},
  volume={8},
  number={4},
  pages={447--456},
  year={2000},
  publisher={IEEE}
}

@article{fabiani2004conversion,
  title={Conversion of EEG activity into cursor movement by a brain-computer interface (BCI)},
  author={Fabiani, Georg E and McFarland, Dennis J and Wolpaw, Jonathan R and Pfurtscheller, Gert},
  journal={Neural Systems and Rehabilitation Engineering, IEEE Transactions on},
  volume={12},
  number={3},
  pages={331--338},
  year={2004},
  publisher={IEEE}
}

@article{townsend2004continuous,
  title={Continuous EEG classification during motor imagery-simulation of an asynchronous BCI},
  author={Townsend, George and Graimann, Bernhard and Pfurtscheller, Gert},
  journal={Neural Systems and Rehabilitation Engineering, IEEE Transactions on},
  volume={12},
  number={2},
  pages={258--265},
  year={2004},
  publisher={IEEE}
}

@article{wang2004bci,
  title={BCI competition 2003-data set IV: an algorithm based on CSSD and FDA for classifying single-trial EEG},
  author={Wang, Yijun and Zhang, Zhiguang and Li, Yong and Gao, Xiaorong and Gao, Shangkai and Yang, Fusheng},
  journal={Biomedical Engineering, IEEE Transactions on},
  volume={51},
  number={6},
  pages={1081--1086},
  year={2004},
  publisher={IEEE}
}

@article{schlogl2005characterization,
  title={Characterization of four-class motor imagery EEG data for the BCI-competition 2005},
  author={Schl{\"o}gl, Alois and Lee, Felix and Bischof, Horst and Pfurtscheller, Gert},
  journal={Journal of neural engineering},
  volume={2},
  number={4},
  pages={L14},
  year={2005},
  publisher={IOP Publishing}
}

@article{hinterberger2003brain,
  title={A brain--computer interface (BCI) for the locked-in: comparison of different EEG classifications for the thought translation device},
  author={Hinterberger, Thilo and K{\"u}bler, Andrea and Kaiser, Jochen and Neumann, Nicola and Birbaumer, Niels},
  journal={Clinical Neurophysiology},
  volume={114},
  number={3},
  pages={416--425},
  year={2003},
  publisher={Elsevier}
}

@article{pfurtscheller1994eeg,
  title={EEG-based brain computer interface (BCI). Search for optimal electrode positions and frequency components.},
  author={Pfurtscheller, Gert and Flotzinger, D and Pregenzer, M and Wolpaw, Jonathan R and McFarland, D},
  journal={Medical progress through technology},
  volume={21},
  number={3},
  pages={111--121},
  year={1994}
}

@article{li2010eeg,
  title={An EEG-based BCI system for 2-D cursor control by combining Mu/Beta rhythm and P300 potential},
  author={Li, Yuanqing and Long, Jinyi and Yu, Tianyou and Yu, Zhuliang and Wang, Chuanchu and Zhang, Haihong and Guan, Cuntai},
  journal={Biomedical Engineering, IEEE Transactions on},
  volume={57},
  number={10},
  pages={2495--2505},
  year={2010},
  publisher={IEEE}
}

@article{pfurtscheller2005eeg,
  title={EEG-based asynchronous BCI controls functional electrical stimulation in a tetraplegic patient},
  author={Pfurtscheller, Gert and M{\"u}ller-Putz, Gernot R and Pfurtscheller, J{\"o}rg and Rupp, R{\"u}diger},
  journal={EURASIP Journal on Applied Signal Processing},
  volume={2005},
  pages={3152--3155},
  year={2005},
  publisher={Hindawi Publishing Corp.}
}

@article{hill2006classifying,
  title={Classifying EEG and ECoG signals without subject training for fast BCI implementation: comparison of nonparalyzed and completely paralyzed subjects},
  author={Hill, N Jeremy and Lal, Thomas Navin and Schroder, M and Hinterberger, Thilo and Wilhelm, Barbara and Nijboer, Femke and Mochty, Ursula and Widman, Guido and Elger, Christian and Scholkopf, Bernhard and others},
  journal={Neural Systems and Rehabilitation Engineering, IEEE Transactions on},
  volume={14},
  number={2},
  pages={183--186},
  year={2006},
  publisher={IEEE}
}

@inproceedings{guger1999prosthetic,
  title={Prosthetic control by an EEG-based brain-computer interface (BCI)},
  author={Guger, Christoph and Harkam, Werner and Hertnaes, Carin and Pfurtscheller, Gert},
  booktitle={Proc. aaate 5th european conference for the advancement of assistive technology},
  pages={3--6},
  year={1999}
}

@article{nielsen2006eeg,
  title={EEG based BCI-towards a better control. Brain-computer interface research at Aalborg University},
  author={Nielsen, Kim Dremstrup and Cabrera, Alvaro Fuentes and do Nascimento, Omar Feix},
  journal={Neural Systems and Rehabilitation Engineering, IEEE Transactions on},
  volume={14},
  number={2},
  pages={202--204},
  year={2006},
  publisher={IEEE}
}

@article{guger1999design,
  title={Design of an EEG-based Brain-Computer Interface (BCI) from Standard Components running in Real-time under Windows-Entwurf eines EEG-basierten Brain-Computer Interfaces (BCI) mit Standardkomponenten, das unter Windows in Echtzeit arbeitet},
  author={Guger, Ch and Schlogl, A and Walterspacher, Dirk and Pfurtscheller, Gert},
  journal={Biomedizinische Technik/Biomedical Engineering},
  volume={44},
  number={1-2},
  pages={12--16},
  year={1999}
}

@article{arvaneh2011optimizing,
  title={Optimizing the channel selection and classification accuracy in EEG-based BCI},
  author={Arvaneh, Mahnaz and Guan, Cuntai and Ang, Kai Keng and Quek, Chai},
  journal={Biomedical Engineering, IEEE Transactions on},
  volume={58},
  number={6},
  pages={1865--1873},
  year={2011},
  publisher={IEEE}
}

@article{pfurtscheller200615,
  title={15 years of BCI research at Graz University of Technology: current projects},
  author={Pfurtscheller, G and Muller-Putz, GR and Schlogl, A and Graimann, B and Scherer, R and Leeb, R and Brunner, C and Keinrath, C and Lee, F and Townsend, G and others},
  journal={Neural Systems and Rehabilitation Engineering, IEEE Transactions on},
  volume={14},
  number={2},
  pages={205--210},
  year={2006},
  publisher={IEEE}
}

@article{kaper2004bci,
  title={BCI competition 2003-data set IIb: Support vector machines for the P300 speller paradigm},
  author={Kaper, Matthias and Meinicke, Peter and Grossekathoefer, Ulf and Lingner, Thomas and Ritter, Helge},
  journal={Biomedical Engineering, IEEE Transactions on},
  volume={51},
  number={6},
  pages={1073--1076},
  year={2004},
  publisher={IEEE}
}

@inproceedings{chiappa2004hmm,
  title={HMM and IOHMM modeling of EEG rhythms for asynchronous BCI systems.},
  author={Chiappa, Silvia and Donckers, Nicolas and Bengio, Samy and Vrins, Fr{\'e}d{\'e}ric},
  booktitle={ESANN},
  pages={193--204},
  year={2004}
}

@incollection{blankertz2002single,
  title={Single trial detection of EEG error potentials: A tool for increasing BCI transmission rates},
  author={Blankertz, Benjamin and Sch{\"a}fer, Christin and Dornhege, Guido and Curio, Gabriel},
  booktitle={Artificial Neural Networks-ICANN 2002},
  pages={1137--1143},
  year={2002},
  publisher={Springer}
}

@article{blankertz2006bci,
  title={The BCI competition III: Validating alternative approaches to actual BCI problems},
  author={Blankertz, Benjamin and Muller, K-R and Krusienski, Dean J and Schalk, Gerwin and Wolpaw, Jonathan R and Schlogl, Alois and Pfurtscheller, Gert and Millan, Jd R and Schroder, M and Birbaumer, Niels},
  journal={Neural Systems and Rehabilitation Engineering, IEEE Transactions on},
  volume={14},
  number={2},
  pages={153--159},
  year={2006},
  publisher={IEEE}
}

@article{pineda2000effects,
  title={The effects of self-movement, observation, and imagination on $\mu$ rhythms and readiness potentials (RP's): toward a brain-computer interface (BCI)},
  author={Pineda, Jaime A and Allison, BZ and Vankov, A},
  journal={Rehabilitation Engineering, IEEE Transactions on},
  volume={8},
  number={2},
  pages={219--222},
  year={2000},
  publisher={IEEE}
}

@article{lotte2007review,
  title={A review of classification algorithms for EEG-based brain--computer interfaces},
  author={Lotte, Fabien and Congedo, Marco and L{\'e}cuyer, Anatole and Lamarche, Fabrice and Arnaldi, Bruno and others},
  journal={Journal of neural engineering},
  volume={4},
  year={2007}
}

@article{zhao2009eeg,
  title={EEG-based asynchronous BCI control of a car in 3D virtual reality environments},
  author={Zhao, QiBin and Zhang, LiQing and Cichocki, Andrzej},
  journal={Chinese Science Bulletin},
  volume={54},
  number={1},
  pages={78--87},
  year={2009},
  publisher={Springer}
}

@article{blankertz2006berlin,
  title={The Berlin Brain-Computer Interface: EEG-based communication without subject training},
  author={Blankertz, Benjamin and Dornhege, Guido and Krauledat, Matthias and Muller, K-R and Kunzmann, Volker and Losch, Florian and Curio, Gabriel},
  journal={Neural Systems and Rehabilitation Engineering, IEEE Transactions on},
  volume={14},
  number={2},
  pages={147--152},
  year={2006},
  publisher={IEEE}
}

@article{grozea2011bristle,
  title={Bristle-sensors-low-cost flexible passive dry EEG electrodes for neurofeedback and BCI applications},
  author={Grozea, Cristian and Voinescu, Catalin D and Fazli, Siamac},
  journal={Journal of neural engineering},
  volume={8},
  number={2},
  pages={025008},
  year={2011},
  publisher={IOP Publishing}
}

@article{leeb2005exploring,
  title={Exploring Virtual Environments with an EEG-based BCI through Motor Imagery/Erkundung von virtuellen Welten durch Bewegungsvorstellungen mit Hilfe eines EEG-basierten BCI},
  author={Leeb, Robert and Scherer, Reinhold and Keinrath, Claudia and Guger, Christoph and Pfurtscheller, Gert},
  journal={Biomedizinische Technik/Biomedical Engineering},
  volume={50},
  number={4},
  pages={86--91},
  year={2005}
}

@article{neuper2003clinical,
  title={Clinical application of an EEG-based brain--computer interface: a case study in a patient with severe motor impairment},
  author={Neuper, C and M{\"u}ller, GR and K{\"u}bler, A and Birbaumer, N and Pfurtscheller, G},
  journal={Clinical neurophysiology},
  volume={114},
  number={3},
  pages={399--409},
  year={2003},
  publisher={Elsevier}
}

@inproceedings{coyle2011eeg,
  title={EEG-based continuous control of a game using a 3 channel motor imagery BCI: BCI game},
  author={Coyle, Damien and Garcia, Jhonatan and Satti, Abdul R and McGinnity, T Martin},
  booktitle={Computational Intelligence, Cognitive Algorithms, Mind, and Brain (CCMB), 2011 IEEE Symposium on},
  pages={1--7},
  year={2011},
  organization={IEEE}
}

@article{pregenzer1994selection,
  title={Selection of electrode positions for an EEG-based Brain Computer Interface (BCI). Auswahl von Elektrodenpositionen furein auf EEG-Ableitungen basierendes Brain Computer Interface (BCI)},
  author={Pregenzer, M and Pfurtscheller, G and Flotzinger, D},
  journal={Biomedizinische Technik/Biomedical Engineering},
  volume={39},
  number={10},
  pages={264--269},
  year={1994}
}


@article{hsu2011continuous,
  title={Continuous EEG signal analysis for asynchronous BCI application},
  author={Hsu, Wei-Yen},
  journal={International journal of neural systems},
  volume={21},
  number={04},
  pages={335--350},
  year={2011},
  publisher={World Scientific}
}

@inproceedings{schlogl2003information,
  title={Information transfer of an EEG-based brain computer interface},
  author={Schlogl, A and Keinrath, C and Scherer, R and Furtscheller, P},
  booktitle={Neural Engineering, 2003. Conference Proceedings. First International IEEE EMBS Conference on},
  pages={641--644},
  year={2003},
  organization={IEEE}
}

@article{ferrez2008error,
  title={Error-related EEG potentials generated during simulated brain--computer interaction},
  author={Ferrez, Pierre W and del R Millan, Jos{\'e}},
  journal={Biomedical Engineering, IEEE Transactions on},
  volume={55},
  number={3},
  pages={923--929},
  year={2008},
  publisher={IEEE}
}

@article{kalcher1996graz,
  title={Graz brain-computer interface II: towards communication between humans and computers based on online classification of three different EEG patterns},
  author={Kalcher, J and Flotzinger, Doris and Neuper, Ch and G{\"o}lly, S and Pfurtscheller, G},
  journal={Medical and Biological Engineering and Computing},
  volume={34},
  number={5},
  pages={382--388},
  year={1996},
  publisher={Springer}
}

@article{mcfarland1997design,
  title={Design and operation of an EEG-based brain-computer interface with digital signal processing technology},
  author={McFarland, Dennis J and Lefkowicz, A Todd and Wolpaw, Jonathan R},
  journal={Behavior Research Methods, Instruments, \& Computers},
  volume={29},
  number={3},
  pages={337--345},
  year={1997},
  publisher={Springer}
}

@article{cincotti2003use,
  title={The use of EEG modifications due to motor imagery for brain-computer interfaces},
  author={Cincotti, Febo and Mattia, Donatella and Babiloni, Claudio and Carducci, Filippo and Salinari, Serenella and Bianchi, Luigi and Marciani, Maria Grazia and Babiloni, Fabio},
  journal={Neural Systems and Rehabilitation Engineering, IEEE Transactions on},
  volume={11},
  number={2},
  pages={131--133},
  year={2003},
  publisher={IEEE}
}

@inproceedings{fazli2009subject,
  title={Subject independent EEG-based BCI decoding},
  author={Fazli, Siamac and Grozea, Cristian and Danoczy, Marton and Blankertz, Benjamin and Popescu, Florin and M{\"u}ller, Klaus-robert},
  booktitle={Advances in Neural Information Processing Systems},
  pages={513--521},
  year={2009}
}





@incollection{1,
year={2014},
isbn={978-3-319-00845-5},
booktitle={XIII Mediterranean Conference on Medical and Biological Engineering and Computing 2013},
volume={41},
series={IFMBE Proceedings},
editor={Roa Romero, Laura M.},
doi={10.1007/978-3-319-00846-2_408},
title={Hybrid Brain Computer Interface Based on Gaming Technology: An Approach with Emotiv EEG and Microsoft Kinect},
url={http://dx.doi.org/10.1007/978-3-319-00846-2_408},
publisher={Springer International Publishing},
keywords={Brain computer interface; hybrid brain computer interface; Emotiv EEG; Microsoft Kinect},
author={Silva, NunoAndr?and Maximiano, Ricardo and Ferreira, HugoAlexandre},
pages={1655-1658}
}

@incollection{2,
year={2014},
isbn={978-3-319-00466-2},
booktitle={Advanced Intelligent Computational Technologies and Decision Support Systems},
volume={486},
series={Studies in Computational Intelligence},
editor={Iantovics, Barna and Kountchev, Roumen},
doi={10.1007/978-3-319-00467-9_9},
title={Classification of EEG-Based Brain-Computer Interfaces},
url={http://dx.doi.org/10.1007/978-3-319-00467-9_9},
publisher={Springer International Publishing},
keywords={Electroencephalography (EEG); Brain computer interface (BCI); Decision support system (DSS); Principal component analysis (PCA); Independent component analysis (ICA); Discrete wavelet transformation (DWT); Artificial neural network (ANN); Feature extraction; Classification; Computational Intelligence (CI); Machine learning},
author={Azar, AhmadTaher and Balas, ValentinaE. and Olariu, Teodora},
pages={97-106},
language={English}
}

@incollection{3,
year={2013},
isbn={978-3-642-37373-2},
booktitle={Robot Intelligence Technology and Applications 2012},
volume={208},
series={Advances in Intelligent Systems and Computing},
editor={Kim, Jong-Hwan and Matson, Eric T. and Myung, Hyun and Xu, Peter},
doi={10.1007/978-3-642-37374-9_23},
title={Optimal EEG Channel Selection for Motor Imagery BCI System Using BPSO and GA},
url={http://dx.doi.org/10.1007/978-3-642-37374-9_23},
publisher={Springer Berlin Heidelberg},
keywords={EEG Channel Selection; Brain-Computer Interface; Binary Particle Swarm Optimization; Common Spatial Pattern; Support Vector Machine},
author={Kim, Jun-Yeup and Park, Seung-Min and Ko, Kwang-Eun and Sim, Kwee-Bo},
pages={231-239}
}

@incollection{4,
year={2012},
isbn={978-3-642-32691-2},
booktitle={Convergence and Hybrid Information Technology},
volume={310},
series={Communications in Computer and Information Science},
editor={Lee, Geuk and Howard, Daniel and zak, Dominik and Hong, YouSik},
doi={10.1007/978-3-642-32692-9_32},
title={A Binary PSO-Based Optimal EEG Channel Selection Method for a Motor Imagery Based BCI System},
url={http://dx.doi.org/10.1007/978-3-642-32692-9_32},
publisher={Springer Berlin Heidelberg},
keywords={Brain-computer interface; Particle Swarm Optimization; Common Spatial Pattern; Linear Discriminant Analysis},
author={Kim, Jun-Yeup and Park, Seung-Min and Ko, Kwang-Eung and Sim, Kwee-Bo},
pages={245-252}
}

@incollection{5,
year={2013},
isbn={978-3-642-34545-6},
booktitle={Converging Clinical and Engineering Research on Neurorehabilitation},
volume={1},
series={Biosystems & Biorobotics},
editor={Pons, Jos?L and Torricelli, Diego and Pajaro, Marta},
doi={10.1007/978-3-642-34546-3_193},
title={Hybrid EEG-Based BCI User Interface for Action Selection},
url={http://dx.doi.org/10.1007/978-3-642-34546-3_193},
publisher={Springer Berlin Heidelberg},
author={Pascual, J. and Lorenz, R. and Blankertz, B. and Vidaurre, C.},
pages={1171-1175}
}

@article{6,
year={2013},
issn={1874-5490},
journal={Neuroethics},
doi={10.1007/s12152-013-9179-7},
title={Psychosocial and Ethical Aspects in Non-Invasive EEG-Based BCI Research-A Survey Among BCI Users and BCI Professionals},
url={http://dx.doi.org/10.1007/s12152-013-9179-7},
publisher={Springer Netherlands},
keywords={Brain-computer interface (BCI); Ethics; Research; Human subjects; Informed consent; Risks and benefits; User-centered approach},
author={Grübler, Gerd and Al-Khodairy, Abdul and Leeb, Robert and Pisotta, Iolanda and Riccio, Angela and Rohm, Martin and Hildt, Elisabeth},
pages={1-13},
language={English}
}

@incollection{7,
year={2013},
isbn={978-3-642-39067-8},
booktitle={Advances in Neural Networks - ISNN 2013},
volume={7952},
series={Lecture Notes in Computer Science},
editor={Guo, Chengan and Hou, Zeng-Guang and Zeng, Zhigang},
doi={10.1007/978-3-642-39068-5_35},
title={A Frequency Boosting Method for Motor Imagery EEG Classification in BCI-FES Rehabilitation Training System},
url={http://dx.doi.org/10.1007/978-3-642-39068-5_35},
publisher={Springer Berlin Heidelberg},
keywords={EEG; Stroke; BCI-FES Rehabilitation System; Frequency Boosting; Common Spatial Pattern; Support Vector Machine},
author={Liang, Jianyi and Zhang, Hao and Liu, Ye and Wang, Hang and Li, Junhua and Zhang, Liqing},
pages={284-291}
}

@incollection{8,
year={2013},
isbn={978-3-319-02752-4},
booktitle={Brain and Health Informatics},
volume={8211},
series={Lecture Notes in Computer Science},
editor={Imamura, Kazayuki and Usui, Shiro and Shirao, Tomoaki and Kasamatsu, Takuji and Schwabe, Lars and Zhong, Ning},
doi={10.1007/978-3-319-02753-1_48},
title={Optimizing the Individual Differences of EEG Signals through BP Neural Network Algorithm for a BCI Dialing System},
url={http://dx.doi.org/10.1007/978-3-319-02753-1_48},
publisher={Springer International Publishing},
keywords={brain-computer interface (BCI); Android Platform; Bluetooth communication; backpropagation (BP) neural network},
author={Lin, Dongxue and Duan, Feng and Li, Wenyu and Shen, Jingyao and Wang, QingMei and Luo, Xun},
pages={479-488}
}

@incollection{9,
year={2010},
isbn={978-3-642-15818-6},
booktitle={Artificial Neural Networks - ICANN 2010},
volume={6352},
series={Lecture Notes in Computer Science},
editor={Diamantaras, Konstantinos and Duch, Wlodek and Iliadis, LazarosS.},
doi={10.1007/978-3-642-15819-3_27},
title={A BCI System Based on Orthogonalized EEG Data and Multiple Multilayer Neural Networks in Parallel Form},
url={http://dx.doi.org/10.1007/978-3-642-15819-3_27},
publisher={Springer Berlin Heidelberg},
author={Nakayama, Kenji and Horita, Hiroki and Hirano, Akihiro},
pages={205-210}
}

@incollection{10,
year={2002},
isbn={978-3-540-44074-1},
booktitle={Artificial Neural Networks - ICANN 2002},
volume={2415},
series={Lecture Notes in Computer Science},
editor={Dorronsoro, JoséR.},
doi={10.1007/3-540-46084-5_184},
title={Single Trial Detection of EEG Error Potentials: A Tool for Increasing BCI Transmission Rates},
url={http://dx.doi.org/10.1007/3-540-46084-5_184},
publisher={Springer Berlin Heidelberg},
author={Blankertz, Benjamin and Schäfer, Christin and Dornhege, Guido and Curio, Gabriel},
pages={1137-1143},
language={English}
}

@incollection{11,
year={2011},
isbn={978-3-642-20281-0},
booktitle={Adaptive and Natural Computing Algorithms},
volume={6593},
series={Lecture Notes in Computer Science},
editor={Dobnikar, Andrej and Lotri, Uro and -er, Branko},
doi={10.1007/978-3-642-20282-7_29},
title={A New Method of EEG Classification for BCI with Feature Extraction Based on Higher Order Statistics of Wavelet Components and Selection with Genetic Algorithms},
url={http://dx.doi.org/10.1007/978-3-642-20282-7_29},
publisher={Springer Berlin Heidelberg},
keywords={feature extraction; feature selection; genetic algorithms (GA); higher order statistics (HOS); discrete wavelet transform (DWT); brain-computer interface (BCI); data-mining},
author={Koodziej, Marcin and Majkowski, Andrzej and Rak, RemigiuszJ.},
pages={280-289}
}

@incollection{12,
year={2012},
isbn={978-3-642-23186-5},
booktitle={Human - Computer Systems Interaction: Backgrounds and Applications 2},
volume={98},
series={Advances in Intelligent and Soft Computing},
editor={Hippe, ZdzisawS. and Kulikowski, JuliuszL. and Mroczek, Teresa},
doi={10.1007/978-3-642-23187-2_36},
title={EEG Signal Processing for BCI Applications},
url={http://dx.doi.org/10.1007/978-3-642-23187-2_36},
publisher={Springer Berlin Heidelberg},
author={Roman-Gonzalez, A.},
pages={571-591}
}

@incollection{13,
year={2011},
isbn={978-3-642-21604-6},
booktitle={Human-Computer Interaction. Interaction Techniques and Environments},
volume={6762},
series={Lecture Notes in Computer Science},
editor={Jacko, JulieA.},
doi={10.1007/978-3-642-21605-3_53},
title={Low Power Wireless EEG Headset for BCI Applications},
url={http://dx.doi.org/10.1007/978-3-642-21605-3_53},
publisher={Springer Berlin Heidelberg},
keywords={Brain computer interface; EEG; headset; low power; wireless; wearable; ASIC},
author={Patki, Shrishail and Grundlehner, Bernard and Nakada, Toru and Penders, Julien},
pages={481-490}
}

@article{14,
year={2011},
journal={BioMedical Engineering OnLine},
volume={10},
number={1},
doi={10.1186/1475-925X-10-91},
title={Performance evaluation of a motor-imagery-based EEG-Brain computer interface using a combined cue with heterogeneous training data in BCI-Naive subjects},
url={http://dx.doi.org/10.1186/1475-925X-10-91},
publisher={BioMed Central},
keywords={EEG; Brain Computer Interface; Motor Imagery; Heterogeneous and Homogeneous Combined Cue},
author={Choi, Donghag and Ryu, Yeonsoo and Lee, Youngbum and Lee, Myoungho},
pages={1-12},
language={English}
}

@incollection{15,
year={2011},
isbn={978-3-642-24570-1},
booktitle={Affective Computing and Intelligent Interaction},
volume={6975},
series={Lecture Notes in Computer Science},
editor={Mello, Sidney and Graesser, Arthur and Schuller, Bjrn and Martin, Jean-Claude},
doi={10.1007/978-3-642-24571-8_56},
title={Online Recognition of Facial Actions for Natural EEG-Based BCI Applications},
url={http://dx.doi.org/10.1007/978-3-642-24571-8_56},
publisher={Springer Berlin Heidelberg},
author={Heger, Dominic and Putze, Felix and Schultz, Tanja},
pages={436-446}
}

@article{16,
year={2013},
issn={0014-4819},
journal={Experimental Brain Research},
volume={231},
number={3},
doi={10.1007/s00221-013-3699-6},
title={Electroencephalography (EEG)-based neurofeedback training for brain-computer interface (BCI)},
url={http://dx.doi.org/10.1007/s00221-013-3699-6},
publisher={Springer Berlin Heidelberg},
keywords={EEG; Brain plasticity; Neurofeedback training; Motor imagery},
author={Choi, Kyuwan},
pages={351-365},
language={English}
}

