@inproceedings{1,
  author = {人形机器人},
  title = {\url{http://zh.wikipedia.org/wiki/%E4%BB%BF%E7%94%9F%E4%BA%BA#cite_note-1}},
  booktitle = {Wikipedia}
}
@inproceedings{2,
  author    = {涂序彦},
  title     = {智能机器人、情感机器人、拟人机器人},
  booktitle = {华中科技大学学报},
  year      = {2004}
}
@inproceedings{3,
  author    = {唐策，赵现朝，齐臣坤},
  title     = {人形机器人建模与步态规划},
  year      = {2002}
}
@inproceedings{4,
  author    = {甘志刚，肖南峰},
  title     = {仿人机器人三维实时仿真系统的研究与实现},
  booktitle = {系统仿真学报},
  year      = {2007}
}
@inproceedings{5,
  author    = {林剑峰，冯瑞},
  title     = {用于人形机器人的声音降噪方法},
  booktitle = {计算机工程},
  year      = {2009}
}
@inproceedings{6,
  author    = {谷学静，石志国，王志良},
  title     = {基于BDI Agent技术的情感机器人语音识别技术研究},
  booktitle = {计算机应用研究},
  year      = {2003}
}
@inproceedings{7,
  author    = {孟秀艳，王志良，李娜，刘遥峰},
  title     = {情感机器人的情感模型研究},
  booktitle = {计算机科学},
  year      = {2008}
}
@inproceedings{8,
  author    = {刘北胜},
  title     = {基于认知的机器人协作},
}
