@inproceedings{1,
  author    = {张海峰},
  title     = {高职教育校企合作联盟的研究系统［J］教育与职业},
  pages		= {5-7},
  year      = {2007}
}
@inproceedings{2,
  author    = {杰弗里*菲佛，杰勒尔德×R×萨尔},
  title     = {对组织资源依赖的分析［M］},
  
  year      = {2009}
}
@inproceedings{3,
  author = {Desktop virtualization},
  title = {\url{http://en.wikipedia.org/wiki/Desktop_virtualization#Virtual_desktop_infrastructure}},
  booktitle = {Wikipedia}
}
@inproceedings{4,
  author    = {冯磊},
  title     = {浅谈桌面虚拟化技术在图书馆中的应用前景},
  booktitle = {晋图学刊},
  year      = {2011}
}
@inproceedings{5,
  author    = {任军,社贾磊},
  title     = {桌面虚拟化在高校实训机房应用探讨},
  booktitle = {计算机光盘软件与应用},
  year      = {2012}
}
@inproceedings{6,
  author    = {阮建华},
  title     = {桌面虚拟技术在高校实验机房中的应用},
  booktitle = {福建商业高等专科学校学报},
  year      = {2012}
}
@inproceedings{7,
  author    = {刘宝莲，庄剑英},
  title     = {基于云桌面的虚拟计算机实训室建设方案},
  booktitle = {佳木斯教育学院学报},
  year      = {2012}
}
@inproceedings{8,
  author    = {邓超},
  title     = {桌面虚拟化在数字化校园中的应用研究},
  booktitle = {教育信息技术},
  year      = {2010}
}
