@inproceedings{1,
  author    = {Kerl Pearson},
  title     = {\hyperlink{http://stat.smmu.edu.cn/history/pearson1901.pdf}{On Lines and Planes of Closest Fit to Systems of Points in Space}},
  booktitle = {Philosophical Magazine},
  year      = {1901}
}

@inproceedings{2,
  author    = {Abdi.H \& Williams.L.J},
  title     = {Principal Component Analysis},
  booktitle = {Wiley Interdisciplinary Reviews: Computational Statistics},
  year      = {2010}
}

@article{3,
  title={人脸识别中PCA方法的推广},
  author={陈伏兵 \& 陈秀宏 \& 王文胜 \& 杨静宇},
  journal={计算机工程与应用},
  volume={41},
  number={34},
  pages={34--38},
  year={2005},
}

@article{4,
  title={一种基于 L\_ (2, 1) 范数的 PCA 维数约简算法},
  author={刘丽敏 and 樊晓平 and 廖志芳 and 刘曼玲},
  journal={计算机应用研究},
  volume={30},
  number={1},
  pages={39--41},
  year={2013}
}

@article{5,
  title={数据挖掘中的新方法一支持向量机},
  author={邓乃阳 \& 田英杰},
  journal={科学出版社, 北京},
  year={2004}
}

@article{6,
  title={Statistical Learning Theory[M]},
  author={Vapnik V N},
  journal={Springer-Verlag, New York},
  year={2000}
}

@article{7,
  title={Dimensionality reduction of hyperspectral imagery data for feature classification},
  author={CHUI C, WANG J},
  journal={handbook of Geomathematics},
  year={2010}
}


@article{8,
  title={Randomized anisotropic transform for nonlinear dimensionality reduction},
  author={CHUI C, WANG J},
  journal={International Journal on Geomathematics},
  year={2010}
}



@article{9,
  title={一种基于贪心算法的快速 PCA 算法},
  author={王晓伟 and 闫德勤 and 唐祚},
  journal={微型机与应用},
  volume={32},
  number={19},
  pages={72--75},
  year={2013},
  publisher={万方数据资源系统}
}

@article{10,
  title={基于主元分析与支持向量机的人脸识别方法},
  author={张燕昆 \& 杜平 \& 刘重庆},
  journal={上海交通大学学报},
  year={2002}
}

