@article{kfda,
  title={基于核主元分析方法的 KFDA 人脸识别研究},
  author={李璇 and 杨杰},
  year={2010}
}
@inproceedings{1,
  author = {Jasper},
  title = {SVM入门（七）为何需要核函数\url{http://www.blogjava.net/zhenandaci/archive/2009/03/06/258288.html}},
  booktitle = {BlogJava}
}
@inproceedings{2,
  author = {Jasper},
  title = {SVM入门（六）线性分类器的求解——问题的转化，直观角度\url{http://www.blogjava.net/zhenandaci/archive/2009/03/01/257237.html}},
  booktitle = {BlogJava}
}

